@article{Bia2015,
	author = {Biasse, Jean-Fran{\c{c}}ois and Song, Fang},
	date-Added = {2015-10-15 05:39:22 +0000},
	date-Modified = {2015-10-15 05:39:32 +0000},
	title = {On the Quantum Attacks Against Schemes Relying on the Hardness of Finding a Short Generator of an Ideal in \ensuremath{\mathbb{Q}(\zeta_{p^{n})}},
	year = {2015}
}

@inproceedings{App2010,
	author = {Applebaum, Benny and Barak, Boaz and Wigderson, Avi},
	booktitle = {Proceedings of the forty-second ACM symposium on Theory of computing},
	date-Added = {2015-10-15 05:38:13 +0000},
	date-Modified = {2015-10-15 05:38:22 +0000},
	organization = {ACM},
	pages = {171--180},
	title = {Public-key cryptography from different assumptions},
	year = {2010}
}

@article{Pet2011,
	author = {Petit, Christophe and Quisquater, Jean-Jacques and others},
	date-Added = {2015-10-15 05:37:15 +0000},
	date-Modified = {2015-10-15 05:37:26 +0000},
	journal = {IACR Cryptology ePrint Archive},
	pages = {638},
	title = {Rubik's for cryptographers.},
	volume = {2011},
	year = {2011}
}

@article{Sho1997,
    author = {Shor, Peter W.},
    title = {Polynomial-Time Algorithms for Prime Factorization and Discrete Logarithms on a Quantum Computer},
    journal = {SIAM J. Comput.},
    journal = {SIAM Journal on Computing},
    volume = {26},
    year = {1997},
    number = {5},
    pages = {1484--1509},
    issn = {0097-5397},
    mrclass = {11Y05 (03D10 03D15 68Q05 81P99)},
    mrnumber = {1471990 (98i:11108)},
    mrreviewer = {Samuel S. Wagstaff, Jr.},
    doi = {10.1137/S0097539795293172},
    url = {http://dx.doi.org/10.1137/S0097539795293172},
}

@article{Sch1998,
	author = {Schneier, Bruce},
	date-Added = {2015-10-15 05:35:56 +0000},
	date-Modified = {2015-10-15 05:36:08 +0000},
	journal = {Computer},
	number = {9},
	pages = {29--33},
	publisher = {IEEE},
	rating = {5},
	title = {Cryptographic design vulnerabilities},
	volume = {31},
	year = {1998}
}

@mastersthesis{Str2015,
	author = {Patrick Struck},
	date-Added = {2015-10-15 05:34:12 +0000},
	date-Modified = {2015-10-15 05:34:24 +0000},
	language = {english},
	month = {June},
	pdf = {fileadmin/user_upload/Group_CDC/Documents/theses/Patrick_Struck.bachelor.pdf},
	pubkey = {TUD-CS-2015-0133},
	research_Area = {Theoretische Informatik - Kryptographie und Computeralgebra, CASED},
	Research_Sub_Area = {Secure Data},
	school = {TU Darmstadt},
	title = {On the Difference Between Hardness and Security: A Comparison of Lattice-Based Signature Schemes},
	type = {Bachelor Thesis},
	website = {www.cdc.informatik.tu-darmstadt.de/reports/reports/Patrick_Struck.bachelor.pdf},
	year = {2015}
}

@misc{Cra2015,
	author = {Cramer, Ronald and Ducas, L{\'e}o and Peikert, Chris and Regev, Oded},
	date-Added = {2015-10-15 05:30:01 +0000},
	date-Modified = {2015-10-15 05:30:15 +0000},
	Rating = {5},
	title = {Recovering Short Generators of Principal Ideals in Cyclotomic Rings},
	year = {2015}
}

@inproceedings{Cam2014,
	author = {Campbell, Peter and Groves, Michael and Shepherd, Dan},
	title={Soliloquy: A Cautionary Tale},
	booktitle = {ETSI 2nd Quantum-Safe Crypto Workshop},
	date-Added = {2015-10-15 05:29:33 +0000},
	date-Modified = {2015-10-15 05:29:50 +0000},
	rating = {4},
	title = {Soliloquy: A cautionary tale},
	year = {2014}
}

@article{Ruc2010,
	author = {R{\"u}ckert, Markus and Schneider, Michael},
	date-Added = {2015-10-09 04:14:58 +0000},
	date-Modified = {2015-10-09 04:15:29 +0000},
	journal = {IACR Cryptology ePrint Archive},
	pages = {137},
	title = {Estimating the Security of Lattice-based Cryptosystems},
	volume = {2010},
	year = {2010}
}

@article{Kum2014,
	author = {Kumar, V Satish and Kumar, V Trilik},
	date-Added = {2015-10-09 03:55:39 +0000},
	date-Modified = {2015-10-09 03:55:50 +0000},
	journal = {Indexing Journal Indexing: Our journal has recently joined International Database for Indexing with DOAJ, Index Copernicus, Open J Gate, CAS, Google Scholar, WAME... More{\guillemotright}},
	title = {Securing Data using Fully Homomorphic Encryption Schemes Over Cloud Computing},
	year = {2014}
}

@inproceedings{Pei2008,
	address = {Berlin, Heidelberg},
	author = {Peikert, Chris and Vaikuntanathan, Vinod},
	booktitle = {CRYPTO 2008: Proceedings of the 28th Annual Conference on Cryptology},
	date-Added = {2015-10-09 03:55:02 +0000},
	date-Modified = {2015-10-09 03:55:16 +0000},
	doi = {http://dx.doi.org/10.1007/978-3-540-85174-5_30},
	isbn = {978-3-540-85173-8},
	location = {Santa Barbara, CA, USA},
	pages = {536--553},
	publisher = {Springer-Verlag},
	title = {Noninteractive Statistical Zero-Knowledge Proofs for Lattice Problems},
	year = {2008},
	bdsk-Url-1 = {http://dx.doi.org/10.1007/978-3-540-85174-5_30}
}

@incollection{Pei2014,
	author = {Peikert, Chris},
	booktitle = {Post-Quantum Cryptography},
	date-Added = {2015-10-09 03:53:49 +0000},
	date-Modified = {2015-10-09 03:53:56 +0000},
	pages = {197--219},
	publisher = {Springer},
	title = {Lattice cryptography for the internet},
	year = {2014}
}

@inproceedings{Mic2012,
	address = {Berlin, Heidelberg},
	author = {Micciancio, Daniele and Peikert, Chris},
	booktitle = {EUROCRYPT'12: Proceedings of the 31st Annual international conference on Theory and Applications of Cryptographic Techniques},
	date-Added = {2015-10-09 03:53:02 +0000},
	date-Modified = {2015-10-09 03:53:08 +0000},
	doi = {http://dx.doi.org/10.1007/978-3-642-29011-4_41},
	isbn = {978-3-642-29010-7},
	location = {Cambridge, UK},
	pages = {700--718},
	publisher = {Springer-Verlag},
	title = {Trapdoors for Lattices: Simpler, Tighter, Faster, Smaller},
	year = {2012},
	bdsk-Url-1 = {http://dx.doi.org/10.1007/978-3-642-29011-4_41}
}

@inproceedings{Pei2007,
	address = {New York, NY, USA},
	author = {Peikert, Chris and Rosen, Alon},
	booktitle = {STOC '07: Proceedings of the thirty-ninth annual ACM symposium on Theory of computing},
	date-Added = {2015-10-09 03:52:38 +0000},
	date-Modified = {2015-10-09 03:52:44 +0000},
	doi = {http://doi.acm.org/10.1145/1250790.1250860},
	isbn = {978-1-59593-631-8},
	location = {San Diego, California, USA},
	pages = {478--487},
	publisher = {ACM},
	title = {Lattices that Admit Logarithmic Worst-case to Average-case Connection Factors},
	year = {2007},
	bdsk-Url-1 = {http://doi.acm.org/10.1145/1250790.1250860}
}

@article{Sil2006,
	author = {Silverman, Joseph H},
	date-Added = {2015-10-09 03:52:08 +0000},
	date-Modified = {2015-10-09 03:52:17 +0000},
	journal = {Computational Number Theory and Applications to Cryptography, University of Wyoming, Jun},
	title = {An Introduction to the Theory of Lattices and Applications to Cryptography},
	year = {2006}
}

@incollection{Hem2012,
	author = {Hemenway, Brett and Ostrovsky, Rafail},
	booktitle = {Public Key Cryptography--PKC 2012},
	date-Added = {2015-10-09 03:49:06 +0000},
	date-Modified = {2015-10-09 03:49:18 +0000},
	pages = {52--65},
	publisher = {Springer},
	title = {On homomorphic encryption and chosen-ciphertext security},
	year = {2012}
}

@incollection{Das2013,
	author = {Das, Angsuman and Dutta, Sabyasachi and Adhikari, Avishek},
	booktitle = {Provable Security},
	date-Added = {2015-10-09 03:48:22 +0000},
	date-Modified = {2015-10-09 03:48:33 +0000},
	pages = {104--120},
	publisher = {Springer},
	title = {Indistinguishability against Chosen Ciphertext Verification Attack Revisited: The Complete Picture},
	year = {2013}
}

@inproceedings{App2009,
	address = {Berlin, Heidelberg},
	author = {Applebaum, Benny and Cash, David and Peikert, Chris and Sahai, Amit},
	booktitle = {CRYPTO '09: Proceedings of the 29th Annual International Cryptology Conference on Advances in Cryptology},
	date-Added = {2015-10-09 03:47:43 +0000},
	date-Modified = {2015-10-09 03:47:49 +0000},
	doi = {http://dx.doi.org/10.1007/978-3-642-03356-8_35},
	isbn = {978-3-642-03355-1},
	location = {Santa Barbara, CA},
	pages = {595--618},
	publisher = {Springer-Verlag},
	title = {Fast Cryptographic Primitives and Circular-Secure Encryption Based on Hard Learning Problems},
	year = {2009},
	bdsk-Url-1 = {http://dx.doi.org/10.1007/978-3-642-03356-8_35}
}

@article{Arm2013,
	acmid = {2458062},
	address = {Norwell, MA, USA},
	author = {Armknecht, Frederik and Katzenbeisser, Stefan and Peter, Andreas},
	date-Added = {2015-10-09 03:47:23 +0000},
	date-Modified = {2015-10-09 03:47:31 +0000},
	doi = {10.1007/s10623-011-9601-2},
	issn = {0925-1022},
	issue_Date = {May 2013},
	journal = {Des. Codes Cryptography},
	keywords = {94A60, Foundations, Homomorphic encryption, IND-CCA1 security, Public-key cryptography, Subgroup membership problem, k-Linear problem},
	month = may,
	number = {2},
	numpages = {24},
	pages = {209--232},
	publisher = {Kluwer Academic Publishers},
	title = {Group Homomorphic Encryption: Characterizations, Impossibility Results, and Applications},
	url = {http://dx.doi.org/10.1007/s10623-011-9601-2},
	volume = {67},
	year = {2013},
	bdsk-Url-1 = {http://dx.doi.org/10.1007/s10623-011-9601-2}
}

@article{Sil2013,
	author = {Silverberg, Alice},
	date-Added = {2015-10-09 03:46:42 +0000},
	date-Modified = {2015-10-09 03:46:50 +0000},
	journal = {Women in Numbers 2: Research Directions in Number Theory},
	pages = {111},
	publisher = {American Mathematical Soc.},
	title = {Fully Homomorphic Encryption for Mathematicians},
	volume = {606},
	year = {2013}
}

@article{Reg2004,
	acmid = {1039490},
	address = {New York, NY, USA},
	author = {Regev, Oded},
	date-Added = {2015-10-09 03:46:22 +0000},
	date-Modified = {2015-10-09 03:46:33 +0000},
	doi = {10.1145/1039488.1039490},
	issn = {0004-5411},
	issue_Date = {November 2004},
	journal = {J. ACM},
	keywords = {Lattice, average-case hardness, cryptography, public key encryption, quantum computing},
	month = nov,
	number = {6},
	numpages = {44},
	pages = {899--942},
	publisher = {ACM},
	title = {New Lattice-based Cryptographic Constructions},
	url = {http://doi.acm.org/10.1145/1039488.1039490},
	volume = {51},
	year = {2004},
	bdsk-Url-1 = {http://doi.acm.org/10.1145/1039488.1039490},
	bdsk-Url-2 = {http://dx.doi.org/10.1145/1039488.1039490}
}

@article{Len1984,
	acmid = {1089376},
	address = {New York, NY, USA},
	author = {Lenstra, Arjen K.},
	date-Added = {2015-10-09 03:46:02 +0000},
	date-Modified = {2015-10-09 03:46:10 +0000},
	doi = {10.1145/1089369.1089376},
	issn = {0163-5824},
	issue_Date = {May 1984},
	journal = {SIGSAM Bull.},
	month = may,
	number = {2},
	numpages = {3},
	pages = {16--18},
	publisher = {ACM},
	title = {Factorization of Polynomials},
	url = {http://doi.acm.org/10.1145/1089369.1089376},
	volume = {18},
	year = {1984},
	bdsk-Url-1 = {http://doi.acm.org/10.1145/1089369.1089376},
	bdsk-Url-2 = {http://dx.doi.org/10.1145/1089369.1089376}
}

@article{Lll1982,
    title={Factoring polynomials with rational coefficients},
    author={Lenstra, Arjen Klaas and Lenstra, Hendrik Willem and Lov{\'a}sz, L{\'a}szl{\'o}},
    journal={Mathematische Annalen},
    volume={261},
    number={4},
    pages={515--534},
    year={1982},
    publisher={Springer}
}

@inproceedings{Pei2010,
	address = {Berlin, Heidelberg},
	author = {Peikert, Chris},
	booktitle = {SCN'10: Proceedings of the 7th International Conference on Security and Cryptography for Networks},
	date-Added = {2015-10-09 03:45:43 +0000},
	date-Modified = {2015-10-09 03:45:51 +0000},
	isbn = {3-642-15316-X, 978-3-642-15316-7},
	location = {Amalfi, Italy},
	pages = {54--54},
	publisher = {Springer-Verlag},
	title = {Heuristics and rigor in lattice-based cryptography},
	year = {2010}
}

@article{Pei2011,
	address = {Philadelphia, PA, USA},
	author = {Peikert, Chris and Waters, Brent},
	date-Added = {2015-10-09 03:45:27 +0000},
	date-Modified = {2015-10-09 03:45:36 +0000},
	doi = {http://dx.doi.org/10.1137/080733954},
	issn = {0097-5397},
	journal = {SIAM J. Comput.},
	number = {6},
	pages = {1803--1844},
	publisher = {Society for Industrial and Applied Mathematics},
	title = {Lossy Trapdoor Functions and Their Applications},
	volume = {40},
	year = {2011},
	bdsk-Url-1 = {http://dx.doi.org/10.1137/080733954}
}

@inproceedings{Ajt1996,
	acmid = {237838},
	address = {New York, NY, USA},
	author = {Ajtai, M.},
	booktitle = {Proceedings of the Twenty-eighth Annual ACM Symposium on Theory of Computing},
	date-Added = {2015-10-09 03:44:44 +0000},
	date-Modified = {2015-10-09 03:57:31 +0000},    
    doi = {10.1145/237814.237838},
	isbn = {0-89791-785-5},
	location = {Philadelphia, Pennsylvania, USA},
	numpages = {10},
	pages = {99--108},
	publisher = {ACM},
	series = {STOC '96},
	title = {Generating Hard Instances of Lattice Problems (Extended Abstract)},
	url = {http://doi.acm.org/10.1145/237814.237838},
	year = {1996},
	bdsk-Url-1 = {http://doi.acm.org/10.1145/237814.237838},
	bdsk-Url-2 = {http://dx.doi.org/10.1145/237814.237838}
}

@inproceedings{Pei2009,
	address = {Berlin, Heidelberg},
	author = {Peikert, Chris},
	booktitle = {TCC '09: Proceedings of the 6th Theory of Cryptography Conference on Theory of Cryptography},
	date-Added = {2015-10-09 03:43:48 +0000},
	date-Modified = {2015-10-09 03:44:00 +0000},
	doi = {http://dx.doi.org/10.1007/978-3-642-00457-5_5},
	isbn = {978-3-642-00456-8},
	location = {San Francisco, CA},
	pages = {72--72},
	publisher = {Springer-Verlag},
	title = {Some Recent Progress in Lattice-Based Cryptography},
	year = {2009},
	bdsk-Url-1 = {http://dx.doi.org/10.1007/978-3-642-00457-5_5}
}

@inproceedings{Lyu2010,
	acmid = {2163824},
	address = {Berlin, Heidelberg},
	author = {Lyubashevsky, Vadim and Peikert, Chris and Regev, Oded},
	booktitle = {Proceedings of the 29th Annual International Conference on Theory and Applications of Cryptographic Techniques},
	date-Added = {2015-10-09 03:43:23 +0000},
	date-Modified = {2015-10-09 03:44:11 +0000},
	doi = {10.1007/978-3-642-13190-5_1},
	isbn = {3-642-13189-1, 978-3-642-13189-9},
	location = {French Riviera, France},
	numpages = {23},
	pages = {1--23},
	publisher = {Springer-Verlag},
	series = {EUROCRYPT'10},
	title = {On Ideal Lattices and Learning with Errors over Rings},
	url = {http://dx.doi.org/10.1007/978-3-642-13190-5_1},
	year = {2010},
	bdsk-Url-1 = {http://dx.doi.org/10.1007/978-3-642-13190-5_1}
}

@inproceedings{Gen2009,
	acmid = {1536440},
	address = {New York, NY, USA},
	author = {Gentry, Craig},
	booktitle = {Proceedings of the Forty-first Annual ACM symposium on Theory of Computing},
	date-Added = {2015-10-09 03:42:46 +0000},
	date-Modified = {2015-10-09 03:44:19 +0000},
	doi = {10.1145/1536414.1536440},
	isbn = {978-1-60558-506-2},
	keywords = {fully homomorphic encryption},
	location = {Bethesda, MD, USA},
	numpages = {10},
	pages = {169--178},
	publisher = {ACM},
	rating = {5},
	read = {1},
	series = {STOC '09},
	title = {Fully Homomorphic Encryption Using Ideal Lattices},
	url = {http://doi.acm.org/10.1145/1536414.1536440},
	year = {2009},
	bdsk-Url-1 = {http://doi.acm.org/10.1145/1536414.1536440},
	bdsk-Url-2 = {http://dx.doi.org/10.1145/1536414.1536440}
}

@inproceedings{Gol1982,
    author = {Goldwasser, Shafi and Micali, Silvio},
    title = {Probabilistic Encryption \&Amp; How to Play Mental Poker Keeping Secret All Partial Information},
    booktitle = {Proceedings of the Fourteenth Annual ACM Symposium on Theory of Computing},
    series = {STOC '82},
    year = {1982},
    isbn = {0-89791-070-2},
    location = {San Francisco, California, USA},
    pages = {365--377},
    numpages = {13},
    url = {http://doi.acm.org/10.1145/800070.802212},
    doi = {10.1145/800070.802212},
    acmid = {802212},
    publisher = {ACM},
    address = {New York, NY, USA},
} 

@techreport{Rab1979,
    author = {Rabin, M. O.},
    title = {Digitalized Signatures And Public-Key Functions As Intractable As Factorization},
    year = {1979},
    source = {http://www.ncstrl.org:8900/ncstrl/servlet/search?formname=detail\&id=oai%3Ancstrlh%3Amitai%3AMIT-LCS%2F%2FMIT%2FLCS%2FTR-212},
    publisher = {Massachusetts Institute of Technology},
    address = {Cambridge, MA, USA},
}

@article{Cha1981,
    author = {Chaum, David L.},
    title = {Untraceable Electronic Mail, Return Addresses, and Digital Pseudonyms},
    journal = {Commun. ACM},
    issue_date = {Feb. 1981},
    volume = {24},
    number = {2},
    month = feb,
    year = {1981},
    issn = {0001-0782},
    pages = {84--90},
    numpages = {7},
    url = {http://doi.acm.org/10.1145/358549.358563},
    doi = {10.1145/358549.358563},
    acmid = {358563},
    publisher = {ACM},
    address = {New York, NY, USA},
    keywords = {digital signatures, electronic mail, privacy, public key cryptosystems, security, traffic analysis},
}

@article{Riv1978,
    author = {Rivest, R. L. and Shamir, A. and Adleman, L.},
    title = {A Method for Obtaining Digital Signatures and Public-key Cryptosystems},
    journal = {Commun. ACM},
    issue_date = {Feb. 1978},
    volume = {21},
    number = {2},
    month = feb,
    year = {1978},
    issn = {0001-0782},
    pages = {120--126},
    numpages = {7},
    url = {http://doi.acm.org/10.1145/359340.359342},
    doi = {10.1145/359340.359342},
    acmid = {359342},
    publisher = {ACM},
    address = {New York, NY, USA},
    keywords = {authentication, cryptography, digital signatures, electronic funds transfer, electronic mail, factorization, message-passing, prime number, privacy, public-key cryptosystems, security},
}

@misc{Pei2015,
    title={A Decade Of Lattice Cryptography},
    author={Peikert, Chris},
    year={2015},
    publisher={IACR Cryptology ePrint Archive}
}

@article {Sho1997,
    author = {Shor, Peter W.},
    title = {Polynomial-Time Algorithms for Prime Factorization and Discrete Logarithms on a Quantum Computer},
    journal = {SIAM J. Comput.},
    journal = {SIAM Journal on Computing},
    volume = {26},
    year = {1997},
    number = {5},
    pages = {1484--1509},
    issn = {0097-5397},
    mrclass = {11Y05 (03D10 03D15 68Q05 81P99)},
    mrnumber = {1471990 (98i:11108)},
    mrreviewer = {Samuel S. Wagstaff, Jr.},
    doi = {10.1137/S0097539795293172},
    url = {http://dx.doi.org/10.1137/S0097539795293172},
}
  
@book{Kro2008,
    title={Decision Procedures: An Algorithmic Point of View},
    author={Kroening, Daniel and Strichman, Ofer},
    year={2008},
    publisher={Springer Science \& Business Media}
}
 
@incollection{Bon1998
    year={1998},
    isbn={978-3-540-64518-4},
    booktitle={Advances in Cryptology — EUROCRYPT'98},
    volume={1403},
    series={Lecture Notes in Computer Science},
    editor={Nyberg, Kaisa},
    doi={10.1007/BFb0054117},
    title={Breaking RSA may not be equivalent to factoring},
    url={http://dx.doi.org/10.1007/BFb0054117},
    publisher={Springer Berlin Heidelberg},
    keywords={RSA; Factoring; Straight Line Programs; Algebraic Circuits},
    author={Boneh, Dan and Venkatesan, Ramarathnam},
    pages={59-71},
    language={English}
}
 
@article{Bro2005,
    title={Breaking RSA May be as Difficult as Factoring},
    author={Brown, Daniel RL},
    journal={Journal of Cryptology},
    pages={1--22},
    year={2005},
    publisher={Springer}
}
 
@online{Gre2015, 
 	url = {http://blog.cryptographyengineering.com/2012/04/poker-is-hard-especially-for.html}, 
 	title = {A Few Thoughts on Cryptographic Engineering: Poker is Hard, Especially for Cryptographers}, 
 	urldate = {30/11/2015}, 
 	language = {english}
}
 
@incollection{Ggh2013,
    year={2013},
    isbn={978-3-642-38347-2},
    title={Multilinear Map Candidate},
    booktitle={Advances in Cryptology – EUROCRYPT 2013},
    volume={7881},
    series={Lecture Notes in Computer Science},
    editor={Johansson, Thomas and Nguyen, PhongQ.},
    doi={10.1007/978-3-642-38348-9_1},
    title={Candidate Multilinear Maps from Ideal Lattices},
    url={http://dx.doi.org/10.1007/978-3-642-38348-9_1},
    publisher={Springer Berlin Heidelberg},
    author={Garg, Sanjam and Gentry, Craig and Halevi, Shai},
    pages={1-17},
}

@inproceedings{Bel1995,
    title={Optimal Asymmetric Encryption},
    author={Bellare, Mihir and Rogaway, Phillip},
    booktitle={Advances in Cryptology—EUROCRYPT'94},
    pages={92--111},
    year={1995},
    organization={Springer}
}

@article{Riv1978,
    title={On Data Banks and Privacy Homomorphisms},
    author={Rivest, Ronald L and Adleman, Len and Dertouzos, Michael L},
    journal={Foundations of secure computation},
    volume={4},
    number={11},
    pages={169--180},
    year={1978}
}

@manual{sage2015,
    key          = {Sage},
    author       = {W. A. Stein et al.},
    organization = {The Sage Development Team},
    title        = {{S}age {M}athematics {S}oftware ({V}ersion 6.7)},
    note         = {\tt{http://www.sagemath.org}},
    year         = {2015},
}

@misc{Sta2015, 
    title={Soliloquy Cryptographic Primitive},  
    url={http://bristolcrypto.blogspot.com/2015/05/soliloquy-new-primitive-and-quantum.html}, 
    journal={Bristol Cryptography Blog}, 
    author={Stanley, Ryan}, 
    year={2015}
}

@misc{CAS2015, 
    url={https://groups.google.com/forum/#!topic/cryptanalytic-algorithms/GdVfp5Kbdb8}, 
    journal={Google Group: Cryptanalytic Algorithms}, 
    year={2015}
}