
% Figures Reference

@figure{Ben2011,
	Author = {Jean-Christophe Benoist},
	Date-Added = {2015-12-13 22:47:35 +0000},
	Date-Modified = {2015-12-13 22:48:00 +0000},
	Date-Submitted = {February 20, 2011},
	Keywords = {figure, latex, qcircuit},
	License = {CCASA 3.0 Unported},
	Rating = {5},
	Read = {1},
	Title = {algorithme de Grover},
	Url = {http://en.wikipedia.org/wiki/File:Grovers_algorithm.svg},
	Use = {LaTeX qcircuit package code},
	Username = {Bender2k14},
	Bdsk-Url-1 = {http://en.wikipedia.org/wiki/File:Grovers_algorithm.svg}}
